<record><leader>00000cas a22000007a 4500</leader><controlfield tag="001">11103257</controlfield><controlfield tag="008">840829c19329999nyudn ne      0   a0eng d</controlfield><datafield ind1=" " ind2=" " tag="010"><subfield code="a">sn 84031363 </subfield></datafield><datafield ind1=" " ind2=" " tag="040"><subfield code="a">NYG</subfield><subfield code="b">eng</subfield><subfield code="c">NYG</subfield><subfield code="d">NPH</subfield><subfield code="d">NYG</subfield><subfield code="d">NPH</subfield><subfield code="d">NYS</subfield><subfield code="d">OCLCQ</subfield><subfield code="d">ZAM</subfield><subfield code="d">OCLCQ</subfield><subfield code="d">OCLCF</subfield><subfield code="d">OCLCO</subfield></datafield><datafield ind1=" " ind2=" " tag="019"><subfield code="a">4269964</subfield></datafield><datafield ind1="1" ind2=" " tag="029"><subfield code="a">AU@</subfield><subfield code="b">000024687795</subfield></datafield><datafield ind1=" " ind2=" " tag="042"><subfield code="a">msc</subfield></datafield><datafield ind1=" " ind2=" " tag="043"><subfield code="a">n-us-ny</subfield></datafield><datafield ind1="0" ind2=" " tag="130"><subfield code="a">Times herald (Olean, N.Y.)</subfield></datafield><datafield ind1="1" ind2="0" tag="245"><subfield code="a">Times herald.</subfield></datafield><datafield ind1="3" ind2="0" tag="246"><subfield code="a">Olean times herald</subfield></datafield><datafield ind1="3" ind2="0" tag="246"><subfield code="a">Olean evening times herald</subfield></datafield><datafield ind1=" " ind2=" " tag="260"><subfield code="a">Olean, N.Y. :</subfield><subfield code="b">E.B. Fitzpatrick</subfield></datafield><datafield ind1=" " ind2=" " tag="300"><subfield code="a">v. :</subfield><subfield code="b">ill.</subfield></datafield><datafield ind1=" " ind2=" " tag="310"><subfield code="a">Daily (except Sunday)</subfield></datafield><datafield ind1="0" ind2=" " tag="362"><subfield code="a">Vol. 71, no. 286 (Jan. 2, 1932)-</subfield></datafield><datafield ind1=" " ind2=" " tag="500"><subfield code="a">"Olean" appears over masthead ornament, &lt;1932&gt;.</subfield></datafield><datafield ind1=" " ind2=" " tag="500"><subfield code="a">"Olean, N.Y." appears over masthead ornament, &lt;1934-1979&gt;.</subfield></datafield><datafield ind1=" " ind2=" " tag="500"><subfield code="a">"Evening" appears beneath masthead ornament, &lt;1934&gt;.</subfield></datafield><datafield ind1=" " ind2=" " tag="500"><subfield code="a">Publishers: E.B. Fitzpatrick, 1932- ; M.C. Fitzpatrick, &lt;1979&gt;.</subfield></datafield><datafield ind1=" " ind2=" " tag="500"><subfield code="a">"Edited for southwestern N.Y. and northwestern Pennsylvania," &lt;1979&gt;.</subfield></datafield><datafield ind1=" " ind2=" " tag="515"><subfield code="a">Continues numbering of: Olean evening times.</subfield></datafield><datafield ind1=" " ind2="0" tag="651"><subfield code="a">Olean (N.Y.)</subfield><subfield code="v">Newspapers.</subfield></datafield><datafield ind1=" " ind2="4" tag="651"><subfield code="a">Cattaraugus County (N.Y.)</subfield><subfield code="v">Newspapers.</subfield></datafield><datafield ind1=" " ind2="4" tag="651"><subfield code="a">Allegany County (N.Y.)</subfield><subfield code="v">Newspapers.</subfield></datafield><datafield ind1=" " ind2="7" tag="655"><subfield code="a">Newspapers.</subfield><subfield code="2">fast</subfield><subfield code="0">(OCoLC)fst01423814</subfield></datafield><datafield ind1=" " ind2="7" tag="651"><subfield code="a">New York (State)</subfield><subfield code="z">Olean.</subfield><subfield code="2">fast</subfield><subfield code="0">(OCoLC)fst01221680</subfield></datafield><datafield ind1=" " ind2=" " tag="752"><subfield code="a">United States</subfield><subfield code="b">New York</subfield><subfield code="c">Cattaraugus</subfield><subfield code="d">Olean.</subfield></datafield><datafield ind1="0" ind2="4" tag="780"><subfield code="t">Olean herald (Olean, N.Y. : 1925)</subfield><subfield code="w">(DLC)sn 92061800</subfield><subfield code="w">(OCoLC)26183701</subfield></datafield><datafield ind1="0" ind2="4" tag="780"><subfield code="t">Olean evening times</subfield><subfield code="w">(DLC)sn 84031301</subfield><subfield code="w">(OCoLC)10835018</subfield></datafield></record>